@online{wikigit,
	title = {Git},
	titleaddon = {Wikipedia},
	url = {https://es.wikipedia.org/wiki/Git},
	date = {2015},
	urldate = {2015-12-17}
}

@online{hades,
	title = {Git is Your Friend not a Foe},
	titleaddon = {The House of Hades},
	url = {http://hades.github.io/2010/01/git-your-friend-not-foe/},
	date = {2010},
	urldate = {2015-12-22}
}

@online{flow,
	title = {Git Workflows},
	titleaddon = {Yan Pritzker},
	url = {http://documentup.com/skwp/git-workflows-book},
	date = {2015},
	urldate = {2015-12-19}
}

@online{kdiff,
	title = {KDiff3},
	titleaddon = {KDE Applications},
	url = {https://www.kde.org/applications/development/kdiff3/},
	date = {2015},
	urldate = {2015-12-18}
}

@online{sshkey,
	title = {Generating SSH Keys},
	titleaddon = {GitHub Help},
	url = {https://help.github.com/articles/generating-ssh-keys/},
	date = {2015},
	urldate = {2015-12-17}
}

@online{mergeguys,
	title = {Merging with a GUI},
	titleaddon = {GitGuys},
	url = {http://www.gitguys.com/topics/merging-with-a-gui/},
	date = {2015},
	urldate = {2015-12-24}
}

@online{mergeguys,
	title = {Merging with a GUI},
	titleaddon = {GitGuys},
	url = {http://www.gitguys.com/topics/merging-with-a-gui/},
	date = {2015},
	urldate = {2015-12-24}
}

@online{undoing,
	title = {Undoing Changes},
	titleaddon = {Atlassian Git Tutorials},
	url = {https://www.atlassian.com/git/tutorials/undoing-changes},
	date = {2015},
	urldate = {2015-12-25}
}

@online{tag365,
	title = {Git objects: The tag},
	titleaddon = {365Git},
	url = {http://365git.tumblr.com/post/497500602/git-objects-the-tag},
	date = {2010},
	urldate = {2015-12-25}
}


